@book{thorbjoernsen2014,
	author = "Steen Thorbjørnsen",
	title = "Grundlæggende mål- og integralteori",
	year = "2014",
	isbn = "978-87-7124-508-0",
	publisher = "Aarhus Universitetsforlag",
	pagetotal = "425"
}

@book{leinstercategory,
	author = "Tom Leinster",
	title = "Basic Category Theory",
	year = "2014",
	isbn = "978-1-107-04424-1",
	publisher = "Cambridge University Press",
	pagetotal = "183",
	edition = "1"
}

@book{leetopological,
	author = "John M. Lee",
	title = "Introduction to Topological Manifolds",
	year = "2011",
	isbn = "978-1-4419-7939-1",
	publisher = "Springer",
	pagetotal = "433",
	edition = "2",
    doi = "10.1007/978-1-4419-7940-7"
}

@book{willard,
	author = "Stephen Willard",
	title = "General Topology",
	year = "1970",
	publisher = "Addison-Wesley Publishing Company, Inc.",
	pagetotal = "369"
}

@book{smithcategory,
	author = "Peter Smith",
	title = "Category Theory: A Gentle Introduction",
	year = "2018",
	pagetotal = "291",
    url = "https://www.logicmatters.net/categories/",
    urldate = "2021-10-21"
}

@book{folland2007,
	author = "Gerald B. Folland",
	title = "Real Analysis: Modern Techniques and Their Applications",
	year = "2007",
	isbn = "0-471-31716-0",
	publisher = "Wiley",
	pagetotal = "386",
	edition = "2"
}

@book{daveypriestley,
	author = "B. A. Davey and H. A. Priestley",
	title = "Introduction to Lattices and Order",
	year = "2002",
	isbn = "978-0-521-78451-1",
	publisher = "Cambridge University Press",
	pagetotal = "298",
	edition = "2"
}